<record><leader>00000cas a22000007a 4500</leader><controlfield tag="001">16638003</controlfield><controlfield tag="008">870903d19101943ohuwr ne      0    0eng d</controlfield><datafield ind1=" " ind2=" " tag="010"><subfield code="a">sn 87075051 </subfield></datafield><datafield ind1=" " ind2=" " tag="040"><subfield code="a">ONP</subfield><subfield code="b">eng</subfield><subfield code="c">ONP</subfield><subfield code="d">OCLCQ</subfield></datafield><datafield ind1=" " ind2=" " tag="042"><subfield code="a">msc</subfield></datafield><datafield ind1="0" ind2=" " tag="130"><subfield code="a">Logan Republican (Logan, Ohio : 1910)</subfield></datafield><datafield ind1="1" ind2="4" tag="245"><subfield code="a">The Logan Republican.</subfield></datafield><datafield ind1=" " ind2=" " tag="260"><subfield code="a">Logan, Ohio :</subfield><subfield code="b">A.E. Huls,</subfield><subfield code="c">1910-1943.</subfield></datafield><datafield ind1=" " ind2=" " tag="310"><subfield code="a">Weekly,</subfield><subfield code="b">Sept. 3, 1931-Jan. 21, 1943</subfield></datafield><datafield ind1=" " ind2=" " tag="321"><subfield code="a">Semiweekly,</subfield><subfield code="b">Sept. 15, 1910-Mar. 1, 1928</subfield></datafield><datafield ind1=" " ind2=" " tag="321"><subfield code="a">Semiweekly,</subfield><subfield code="b">Mar. 6, 1928-Aug. 28, 1931</subfield></datafield><datafield ind1="0" ind2=" " tag="362"><subfield code="a">Vol. 1, no. 1 (Sept. 15, 1910)-v. 40, no. 3 (Jan. 21, 1943).</subfield></datafield><datafield ind1=" " ind2=" " tag="752"><subfield code="a">United States</subfield><subfield code="b">Ohio</subfield><subfield code="c">Hocking</subfield><subfield code="d">Logan.</subfield></datafield></record>